{
  "leader": "03489cam a2200397Ia 4500",
  "fields": [
    {
      "001": "ocm41516563\\"
    },
    {
      "003": "OCoLC"
    },
    {
      "005": "20220105143336.0"
    },
    {
      "008": "990525s1999\\\\\\\\ctu\\\\\\\\\\\\b\\\\\\\\000\\0\\eng\\\\"
    },
    {
      "010": {
        "ind1": "\\",
        "ind2": "\\",
        "subfields": [
          {
            "a": "   99034944 "
          }
        ]
      }
    },
    {
      "040": {
        "ind1": "\\",
        "ind2": "\\",
        "subfields": [
          {
            "a": "DLC"
          },
          {
            "b": "eng"
          },
          {
            "c": "DLC"
          },
          {
            "d": "LVB"
          },
          {
            "d": "BAKER"
          },
          {
            "d": "BTCTA"
          },
          {
            "d": "YDXCP"
          },
          {
            "d": "IG#"
          },
          {
            "d": "BTN"
          },
          {
            "d": "GEBAY"
          },
          {
            "d": "EXW"
          },
          {
            "d": "BDX"
          },
          {
            "d": "OCLCF"
          },
          {
            "d": "OCLCO"
          },
          {
            "d": "OCLCQ"
          },
          {
            "d": "OCLCO"
          }
        ]
      }
    },
    {
      "019": {
        "ind1": "\\",
        "ind2": "\\",
        "subfields": [
          {
            "a": "971351031"
          },
          {
            "a": "1055439867"
          }
        ]
      }
    },
    {
      "020": {
        "ind1": "\\",
        "ind2": "\\",
        "subfields": [
          {
            "a": "1565491017"
          },
          {
            "q": "(pbk. ;"
          },
          {
            "q": "alk. paper)"
          }
        ]
      }
    },
    {
      "020": {
        "ind1": "\\",
        "ind2": "\\",
        "subfields": [
          {
            "a": "9781565491014"
          },
          {
            "q": "(pbk. ;"
          },
          {
            "q": "alk. paper)"
          }
        ]
      }
    },
    {
      "035": {
        "ind1": "\\",
        "ind2": "\\",
        "subfields": [
          {
            "a": "(OCoLC)41516563"
          },
          {
            "z": "(OCoLC)971351031"
          },
          {
            "z": "(OCoLC)1055439867"
          }
        ]
      }
    },
    {
      "042": {
        "ind1": "\\",
        "ind2": "\\",
        "subfields": [
          {
            "a": "pcc"
          }
        ]
      }
    },
    {
      "050": {
        "ind1": "0",
        "ind2": "0",
        "subfields": [
          {
            "a": "JC337"
          },
          {
            "b": ".C55 1999"
          }
        ]
      }
    },
    {
      "082": {
        "ind1": "0",
        "ind2": "4",
        "subfields": [
          {
            "a": "300"
          },
          {
            "b": "CIV"
          }
        ]
      }
    },
    {
      "245": {
        "ind1": "0",
        "ind2": "0",
        "subfields": [
          {
            "a": "Civil society at the millennium /"
          },
          {
            "c": "[contributors, Marcus Akuhata-Brown and others] ; published in cooperation with CIVICUS."
          }
        ]
      }
    },
    {
      "260": {
        "ind1": "\\",
        "ind2": "\\",
        "subfields": [
          {
            "a": "West Hartford, Connecticut :"
          },
          {
            "b": "Kumarian Press,"
          },
          {
            "c": "1999."
          }
        ]
      }
    },
    {
      "300": {
        "ind1": "\\",
        "ind2": "\\",
        "subfields": [
          {
            "a": "xi, 211 pages ;"
          },
          {
            "c": "23 cm"
          }
        ]
      }
    },
    {
      "336": {
        "ind1": "\\",
        "ind2": "\\",
        "subfields": [
          {
            "a": "text"
          },
          {
            "b": "txt"
          },
          {
            "2": "rdacontent"
          }
        ]
      }
    },
    {
      "337": {
        "ind1": "\\",
        "ind2": "\\",
        "subfields": [
          {
            "a": "unmediated"
          },
          {
            "b": "n"
          },
          {
            "2": "rdamedia"
          }
        ]
      }
    },
    {
      "338": {
        "ind1": "\\",
        "ind2": "\\",
        "subfields": [
          {
            "a": "volume"
          },
          {
            "b": "nc"
          },
          {
            "2": "rdacarrier"
          }
        ]
      }
    },
    {
      "504": {
        "ind1": "\\",
        "ind2": "\\",
        "subfields": [
          {
            "a": "Includes bibliographical references."
          }
        ]
      }
    },
    {
      "520": {
        "ind1": "1",
        "ind2": "\\",
        "subfields": [
          {
            "a": "\"This publication documents how far civil society has come through the past decades and provides a good explanation of what its future role will be in the coming millennium. The thematic underpinnings of civil society examined in this book are globalization, governance, youth participation, women and leadership, sustainable development, religion, poverty, indigenous people, volunteering, and technology. The book strives to assess the health, viability, and role of civil society today and identify key challenges and opportunities facing civil society on a global scale.\"--Jacket."
          }
        ]
      }
    },
    {
      "505": {
        "ind1": "0",
        "ind2": "0",
        "subfields": [
          {
            "t": "Foreword /"
          },
          {
            "r": "Ezra Mbogori --"
          },
          {
            "t": "Preface /"
          },
          {
            "r": "Kumi Naidoo --"
          },
          {
            "t": "The Promise of Civil Society /"
          },
          {
            "r": "Kumi Naidoo, Rajesh Tandon --"
          },
          {
            "t": "Why We Must Listen to Citizens /"
          },
          {
            "r": "Colin Ball, Barry Knight --"
          },
          {
            "t": "Volunteering: Underpinning Social Action in Civil Society for the New Millennium /"
          },
          {
            "r": "Margaret Bell --"
          },
          {
            "t": "Civil Society and Indigenous Peoples /"
          },
          {
            "r": "Caren Wickliffe --"
          },
          {
            "t": "Women and Civil Society /"
          },
          {
            "r": "Amani Kandil --"
          },
          {
            "t": "Youth Empowerment and Civil Society /"
          },
          {
            "r": "Jane Foster, Kumi Naidoo, Marcus Akuhata-Brown --"
          },
          {
            "t": "The Role of Civil Society Organizations in Sustainable Development /"
          },
          {
            "r": "Oscar Rojas --"
          },
          {
            "t": "Religion and Civil Society: What Is the Relationship between Them? /"
          },
          {
            "r": "Fritz Erich Anhelm --"
          },
          {
            "t": "Civil Society and Government: A Continuum of Possibilities /"
          },
          {
            "r": "Ezra Mbogori, Hope Chigudu --"
          },
          {
            "t": "Strengthening Civil Society's Capacity to Promote Democratic Governance: The Role of Foundations /"
          },
          {
            "r": "Volker Then, Peter Walkenhorst --"
          },
          {
            "t": "Civil Society and Poverty: Whose Rights Count? /"
          },
          {
            "r": "Caitlin Wiesen, Geoffrey D. Prewitt, Babar Sobhan --"
          },
          {
            "t": "Coming Apart, Coming Together: Globalization and Civil Society /"
          },
          {
            "r": "Isagani R. Serrano --"
          },
          {
            "t": "From States to People: Civil Society and Its Role in Governance /"
          },
          {
            "r": "Miklos Marschall --"
          },
          {
            "t": "New Tools -- Same Values: Information and Communication Technology to Support Civil Society /"
          },
          {
            "r": "Liz Rykert --"
          },
          {
            "t": "Civil Society at the Millennium /"
          },
          {
            "r": "Kumi Naidoo, Rajesh Tandon."
          }
        ]
      }
    },
    {
      "650": {
        "ind1": "\\",
        "ind2": "0",
        "subfields": [
          {
            "a": "Civil society."
          }
        ]
      }
    },
    {
      "650": {
        "ind1": "\\",
        "ind2": "7",
        "subfields": [
          {
            "a": "Civil society."
          },
          {
            "2": "fast"
          },
          {
            "0": "(OCoLC)fst00862876"
          }
        ]
      }
    },
    {
      "700": {
        "ind1": "1",
        "ind2": "\\",
        "subfields": [
          {
            "a": "Akuhata-Brown, Marcus."
          }
        ]
      }
    },
    {
      "710": {
        "ind1": "2",
        "ind2": "\\",
        "subfields": [
          {
            "a": "CIVICUS (Association)"
          }
        ]
      }
    },
    {
      "776": {
        "ind1": "0",
        "ind2": "8",
        "subfields": [
          {
            "i": "Online version:"
          },
          {
            "t": "Civil society at the millennium."
          },
          {
            "d": "West Hartford, Conn. : Kumarian Press, 1999"
          },
          {
            "w": "(OCoLC)607202260"
          }
        ]
      }
    },
    {
      "776": {
        "ind1": "0",
        "ind2": "8",
        "subfields": [
          {
            "i": "Online version:"
          },
          {
            "t": "Civil society at the millennium."
          },
          {
            "d": "West Hartford, Conn. : Kumarian Press, 1999"
          },
          {
            "w": "(OCoLC)607887434"
          }
        ]
      }
    },
    {
      "994": {
        "ind1": "\\",
        "ind2": "\\",
        "subfields": [
          {
            "a": "Z0"
          },
          {
            "b": "NYRVC"
          }
        ]
      }
    },
    {
      "948": {
        "ind1": "\\",
        "ind2": "\\",
        "subfields": [
          {
            "h": "NO HOLDINGS IN NYRVC - 290 OTHER HOLDINGS"
          }
        ]
      }
    },
    {
      "999": {
        "ind1": "\\",
        "ind2": "\\",
        "subfields": [
          {
            "a": "00000000014421"
          }
        ]
      }
    }
  ]
}